<?xml version="1.0" encoding="UTF-8"?><collection xmlns="http://www.loc.gov/MARC21/slim"><record><leader>00525nam--2200193-i-4500</leader><controlfield tag="001">000001690</controlfield><controlfield tag="002">20161230</controlfield><controlfield tag="005">20161230201024</controlfield><controlfield tag="008">060222s1000------------r-----000-0-eng-d</controlfield><datafield ind1=" " ind2=" " tag="020"><subfield code="a">012220301</subfield></datafield><datafield ind1=" " ind2=" " tag="040"><subfield code="a">IFIN-HH</subfield></datafield><datafield ind1=" " ind2=" " tag="080"><subfield code="a">536.76(082)</subfield></datafield><datafield ind1="1" ind2=" " tag="100"><subfield code="a">Domb, C</subfield></datafield><datafield ind1="1" ind2="0" tag="245"><subfield code="a">Phase transitions and critical phenomena</subfield><subfield code="b">Volume 1. exact results</subfield><subfield code="c">C. domb: m.s. green (eds.)</subfield></datafield><datafield ind1=" " ind2=" " tag="260"><subfield code="a">London</subfield><subfield code="b">Academic Press</subfield><subfield code="c">1972</subfield></datafield><datafield ind1=" " ind2=" " tag="300"><subfield code="a">508P</subfield></datafield><datafield ind1="1" ind2=" " tag="700"><subfield code="a">Green, M.S</subfield><subfield code="e">Ed</subfield></datafield><datafield ind1=" " ind2=" " tag="852"><subfield code="a">37112</subfield><subfield code="c">536.7</subfield></datafield><datafield ind1=" " ind2=" " tag="CAT"><subfield code="a">Sys</subfield><subfield code="c">20110518</subfield><subfield code="h">125314</subfield></datafield></record></collection>